<?xml version="1.0" encoding="UTF-8"?><record xmlns="http://www.loc.gov/MARC21/slim" xmlns:cinclude="http://apache.org/cocoon/include/1.0" xmlns:zs="http://www.loc.gov/zing/srw/">
  <leader>00544nz  a2200157n  4500</leader>
  <controlfield tag="001">no 96007880 </controlfield>
  <controlfield tag="003">DLC</controlfield>
  <controlfield tag="005">19960216052411.7</controlfield>
  <controlfield tag="008">960215n| acannaab|          |a aaa     c</controlfield>
  <datafield tag="010" ind1=" " ind2=" ">
    <subfield code="a">no 96007880 </subfield>
  </datafield>
  <datafield tag="035" ind1=" " ind2=" ">
    <subfield code="a">(OCoLC)oca04009842 </subfield>
  </datafield>
  <datafield tag="040" ind1=" " ind2=" ">
    <subfield code="a">OOC</subfield>
    <subfield code="c">OOC</subfield>
  </datafield>
  <datafield tag="100" ind1="1" ind2="0">
    <subfield code="a">Suppé, Franz von,</subfield>
    <subfield code="d">1819-1895.</subfield>
    <subfield code="t">Frau Meisterin</subfield>
  </datafield>
  <datafield tag="400" ind1="1" ind2="0">
    <subfield code="a">Suppé, Franz von,</subfield>
    <subfield code="d">1819-1895.</subfield>
    <subfield code="t">Mistress</subfield>
  </datafield>
  <datafield tag="670" ind1=" " ind2=" ">
    <subfield code="a">Suppé, F. von. Overtures. Vol. 1 [SR] p1994:</subfield>
    <subfield code="b">label (The mistress) container (Die Frau Meisterin)</subfield>
  </datafield>
  <datafield tag="670" ind1=" " ind2=" ">
    <subfield code="a">New Grove</subfield>
    <subfield code="b">(Die Frau Meisterin; magic operetta, 3)</subfield>
  </datafield>
</record>